<record><leader>00000cas a22000007a 4500</leader><controlfield tag="001">8822121</controlfield><controlfield tag="008">820930d1845185uctuwr ne      0    0eng  </controlfield><controlfield tag="009">466</controlfield><datafield ind1=" " ind2=" " tag="010"><subfield code="a">sn 82015288 </subfield></datafield><datafield ind1=" " ind2=" " tag="040"><subfield code="a">DLC</subfield><subfield code="b">eng</subfield><subfield code="c">DLC</subfield><subfield code="d">NPX</subfield><subfield code="d">NPU</subfield><subfield code="d">DLC</subfield><subfield code="d">CNW</subfield><subfield code="d">OCL</subfield><subfield code="d">OCLCO</subfield><subfield code="d">OCLCA</subfield><subfield code="d">OCLCF</subfield></datafield><datafield ind1=" " ind2=" " tag="042"><subfield code="a">msc</subfield></datafield><datafield ind1="0" ind2="0" tag="050"><subfield code="a">Newspaper 7225-X</subfield></datafield><datafield ind1="0" ind2=" " tag="130"><subfield code="a">New London Democrat (New London, Conn. : 1845)</subfield></datafield><datafield ind1="0" ind2="4" tag="245"><subfield code="a">The New London Democrat.</subfield></datafield><datafield ind1="1" ind2="0" tag="246"><subfield code="a">New-London Democrat</subfield></datafield><datafield ind1=" " ind2=" " tag="260"><subfield code="a">New London, [Conn.] :</subfield><subfield code="b">Scofield &amp; MacDonald,</subfield><subfield code="c">1845-</subfield></datafield><datafield ind1=" " ind2=" " tag="300"><subfield code="a">v. ;</subfield><subfield code="c">61-68 cm.</subfield></datafield><datafield ind1=" " ind2=" " tag="310"><subfield code="a">Weekly</subfield></datafield><datafield ind1="0" ind2=" " tag="362"><subfield code="a">Vol. 1, no. 1 (Mar. 22, 1845)-</subfield></datafield><datafield ind1=" " ind2=" " tag="500"><subfield code="a">Published as: New-London Democrat, &lt;1851&gt;.</subfield></datafield><datafield ind1=" " ind2=" " tag="500"><subfield code="a">Publishers: J. Scofield, 1846-&lt;1848&gt;; D. Ruddock, &lt;1851&gt;.</subfield></datafield><datafield ind1=" " ind2=" " tag="500"><subfield code="a">"Democratic."</subfield></datafield><datafield ind1=" " ind2=" " tag="500"><subfield code="a">Editors: J. Scofield, D. Wright, 1847-1848; D. Ruddock, &lt;1851&gt;.</subfield></datafield><datafield ind1=" " ind2=" " tag="515"><subfield code="a">Issues for &lt;Apr. 22, 1848-Jan. 12, 1850&gt; also called: Whole no. &lt;162-252&gt;.</subfield></datafield><datafield ind1=" " ind2=" " tag="580"><subfield code="a">Triweekly ed.: New London morning star, &lt;Nov. 25, 1846-Aug. 4, 1847&gt;.</subfield></datafield><datafield ind1=" " ind2=" " tag="580"><subfield code="a">Daily eds.: Daily morning star, &lt;Jan. 24, 1848&gt;-May 3, 1851, and: Daily star (New London, Conn. : 1851), May 5, 1851-185 .</subfield></datafield><datafield ind1=" " ind2="0" tag="651"><subfield code="a">New London (Conn.)</subfield><subfield code="v">Newspapers.</subfield></datafield><datafield ind1=" " ind2="7" tag="655"><subfield code="a">Newspapers.</subfield><subfield code="2">fast</subfield><subfield code="0">(OCoLC)fst01423814</subfield></datafield><datafield ind1=" " ind2="7" tag="651"><subfield code="a">Connecticut</subfield><subfield code="z">New London.</subfield><subfield code="2">fast</subfield><subfield code="0">(OCoLC)fst01205494</subfield></datafield><datafield ind1="1" ind2=" " tag="700"><subfield code="a">MacDonald, S. D.</subfield></datafield><datafield ind1="1" ind2=" " tag="700"><subfield code="a">Scofield, James M.</subfield></datafield><datafield ind1="1" ind2=" " tag="700"><subfield code="a">Ruddock, David S.</subfield></datafield><datafield ind1=" " ind2=" " tag="752"><subfield code="a">United States</subfield><subfield code="b">Connecticut</subfield><subfield code="c">New London</subfield><subfield code="d">New London.</subfield></datafield><datafield ind1="1" ind2=" " tag="775"><subfield code="t">New London morning star</subfield><subfield code="w">(DLC)sn 84023025</subfield><subfield code="w">(OCoLC)10712998</subfield></datafield><datafield ind1="1" ind2=" " tag="775"><subfield code="t">Daily morning star</subfield><subfield code="w">(DLC)sn 84023026</subfield><subfield code="w">(OCoLC)10707293</subfield></datafield><datafield ind1="1" ind2=" " tag="775"><subfield code="t">Daily star (New London, Conn. : 1851)</subfield><subfield code="w">(DLC)sn 84023027</subfield><subfield code="w">(OCoLC)10707344</subfield></datafield><datafield ind1="0" ind2="0" tag="785"><subfield code="t">Democrat (New London, Conn.)</subfield><subfield code="w">(DLC)sn 82006807</subfield><subfield code="w">(OCoLC)8780759</subfield></datafield></record>